@incollection{shewchuk96b,
author = {Jonathan Richard Shewchuk},
title = {Triangle:  {E}ngineering a {2D} {Q}uality {M}esh {G}enerator and
  {D}elaunay {T}riangulator},
booktitle = {Applied Computational Geometry:  Towards Geometric Engineering},
editor = {Ming C. Lin and Dinesh Manocha},
series = {Lecture Notes in Computer Science},
volume = 1148,
publisher = {Springer-Verlag},
pages = {203--222},
month = may,
year = 1996,
note = {From the First ACM Workshop on Applied Computational Geometry}
}

@inproceedings{chord,
  title={Chord: A scalable peer-to-peer lookup service for internet applications},
  author={Stoica, Ion and Morris, Robert and Karger, David and Kaashoek, M Frans and Balakrishnan, Hari},
  booktitle={ACM SIGCO},  
  number={4},
  pages={149--160},
  year={2001},
  organization={ACM}
}



@incollection{kademlia,
  title={Kademlia: A peer-to-peer information system based on the xor metric},
  author={Maymounkov, Petar and Mazieres, David},
  booktitle={Peer-to-Peer Systems},
  pages={53--65},
  year={2002},
  publisher={Springer}
}

@inproceedings{pastry,
  title={Pastry: Scalable, decentralized object location, and routing for large-scale peer-to-peer systems},
  author={Rowstron, Antony and Druschel, Peter},
  booktitle={Middleware 2001},
  pages={329--350},
  year={2001},
  organization={Springer}
}



@article{can,
	title={A Scalable Content-Addressable Network},
	author={Ratnasamy, Sylvia and Francis, Paul and Handley, Mark and Karp, Richard and Shenker, Scott},
	year={2001}
}


@inproceedings{ratnasamy2002ght,
	title={GHT: a geographic hash table for data-centric storage},
	author={Ratnasamy, Sylvia and Karp, Brad and Yin, Li and Yu, Fang and Estrin, Deborah and Govindan, Ramesh and Shenker, Scott},
	booktitle={Proceedings of the 1st ACM international workshop on Wireless sensor networks and applications},
	pages={78--87},
	year={2002},
	organization={ACM}
}

@misc{geoalg,
  title = {Geometric Algorithms},
  howpublished= {\url{http://www.cs.princeton.edu/~rs/AlgsDS07/16Geometric.pdf}}
}

@article{voronoi,
  title={Voronoi diagramsâ€”a survey of a fundamental geometric data structure},
  author={Aurenhammer, Franz},
  journal={ACM Computing Surveys (CSUR)},
  volume={23},
  number={3},
  pages={345--405},
  year={1991},
  publisher={ACM}
}


@article{bern1991expected,
  title={The expected extremes in a Delaunay triangulation},
  author={Bern, Marshall and Eppstein, David and Yao, Frances},
  journal={International Journal of Computational Geometry \& Applications},
  volume={1},
  number={01},
  pages={79--91},
  year={1991},
  publisher={World Scientific}
}


@INPROCEEDINGS{virtvoro, 
author={Wei Wang and Guisong Yang and Naixue Xiong and Xingyu He and Wenzhong Guo}, 
booktitle={Parallel Distributed Processing Symposium Workshops (IPDPSW), 2014 IEEE International}, 
title={A General P2P Scheme for Constructing Large-Scale Virtual Environments}, 
year={2014}, 
month={May}, 
pages={1648-1655}, 
keywords={computational geometry;peer-to-peer computing;virtual reality;3D contents;LoD;P2P 3D streaming scheme;P2P based scenes progressive downloading;P2P-DVE;PSVE;Voronoi diagram;downloading priority;general P2P scheme;large-scale virtual environments;level of detail;multiuser online games;peer-to-peer based scenes progressive downloading;streaming quality;virtual city;virtual worlds;Availability;Internet;Peer-to-peer computing;Servers;Solid modeling;Three-dimensional displays;Virtual environments;3D Streaming;DVEs;P2P;Voronoi Diagram}, 
doi={10.1109/IPDPSW.2014.195},}




@inproceedings{voronet,
  title={VoroNet: A scalable object network based on Voronoi tessellations},
  author={Beaumont, Olivier and Kermarrec, A-M and Marchal, Loris and Rivi{\`e}re, Etienne},
  booktitle={Parallel and Distributed Processing Symposium, 2007. IPDPS 2007. IEEE International},
  pages={1--10},
  year={2007},
  organization={IEEE}
}




@article{fortune1987sweepline,
  title={A sweepline algorithm for Voronoi diagrams},
  author={Fortune, Steven},
  journal={Algorithmica},
  volume={2},
  number={1-4},
  pages={153--174},
  year={1987},
  publisher={Springer}
}


@inproceedings{Backhaus:2007:VAS:1326257.1326266,
 author = {Backhaus, Helge and Krause, Stefan},
 title = {Voronoi-based Adaptive Scalable Transfer Revisited: Gain and Loss of a Voronoi-based Peer-to-peer Approach for MMOG},
 booktitle = {Proceedings of the 6th ACM SIGCOMM Workshop on Network and System Support for Games},
 series = {NetGames '07},
 year = {2007},
 isbn = {978-0-9804460-0-5},
 location = {Melbourne, Australia},
 pages = {49--54},
 numpages = {6},
 url = {http://doi.acm.org/10.1145/1326257.1326266},
 doi = {10.1145/1326257.1326266},
 acmid = {1326266},
 publisher = {ACM},
 address = {New York, NY, USA},
 keywords = {Voronoi diagram, massively multiplayer online games, neighbor discovery, peer-to-peer, scalability, virtual worlds},
} 



@inproceedings{hu2008voronoi,
  title={Voronoi state management for peer-to-peer massively multiplayer online games},
  author={Hu, Shun-Yun and Chang, Shao-Chen and Jiang, Jehn-Ruey},
  booktitle={Consumer Communications and Networking Conference, 2008. CCNC 2008. 5th IEEE},
  pages={1134--1138},
  year={2008},
  organization={IEEE}
}


@article{hu2004scalable,
	title={Scalable Peer-to-Peer Networked Virtual Environment},
	author={Hu, Shun-Yun and Liao, Guan-Ming},
	year={2004}
}

@inproceedings{yamamoto2005distributed,
	title={A distributed event delivery method with load balancing for MMORPG},
	author={Yamamoto, Shinya and Murata, Yoshihiro and Yasumoto, Keiichi and Ito, Minoru},
	booktitle={Proceedings of 4th ACM SIGCOMM workshop on Network and system support for games},
	pages={1--8},
	year={2005},
	organization={ACM}
}




@article{watson1981computing,
  title={Computing the n-dimensional Delaunay tessellation with application to Voronoi polytopes},
  author={Watson, David F},
  journal={The computer journal},
  volume={24},
  number={2},
  pages={167--172},
  year={1981},
  publisher={Br Computer Soc}
}


@incollection{raynet,
  title={Peer to peer multidimensional overlays: Approximating complex structures},
  author={Beaumont, Olivier and Kermarrec, Anne-Marie and Rivi{\`e}re, {\'E}tienne},
  booktitle={Principles of Distributed Systems},
  pages={315--328},
  year={2007},
  publisher={Springer}
}



@article{albers1998voronoi,
  title={Voronoi diagrams of moving points},
  author={Albers, Gerhard and Guibas, Leonidas J and Mitchell, Joseph SB and Roos, Thomas},
  journal={International Journal of Computational Geometry \& Applications},
  volume={8},
  number={03},
  pages={365--379},
  year={1998},
  publisher={World Scientific}
}

@inproceedings{carbunar2004distributed,
  title={Distributed and dynamic voronoi overlays for coverage detection and distributed hash tables in ad-hoc networks},
  author={Carbunar, Bogdan and Grama, Ananth and Vitek, Jan},
  booktitle={Parallel and Distributed Systems, 2004. ICPADS 2004. Proceedings. Tenth International Conference on},
  pages={549--556},
  year={2004},
  organization={IEEE}
}


@inproceedings{chen2008voronoi,
  title={Voronoi-based sleeping configuration in wireless sensor networks with location error},
  author={Chen, Xinyu and Lyu, Michael R and Guo, Ping},
  booktitle={Networking, Sensing and Control, 2008. ICNSC 2008. IEEE International Conference on},
  pages={1459--1464},
  year={2008},
  organization={IEEE}
}



@article{bitcoin,
  title={Bitcoin: A peer-to-peer electronic cash system},
  author={Nakamoto, Satoshi},
  journal={Consulted},
  volume={1},
  pages={2012},
  year={2008}
}
@inproceedings{pappas,
  title={A Comparative Study of the DNS Design with DHT-Based Alternatives.},
  author={Pappas, Vasileios and Massey, Daniel and Terzis, Andreas and Zhang, Lixia},
  booktitle={INFOCOM},
  volume={6},
  pages={1--13},
  year={2006}
}


@incollection{cox,
  title={Serving DNS using a peer-to-peer lookup service},
  author={Cox, Russ and Muthitacharoen, Athicha and Morris, Robert T},
  booktitle={Peer-to-Peer Systems},
  pages={155--165},
  year={2002},
  publisher={Springer}
}

@misc{namecoin,
	title ={Namecoin},
	howpublished= {\url{https://github.com/vinced/namecoin}},
	note = {Accessed: 11/29/2013 }
}

@article{mockapetris2003rfc,
  title={RFC 1034: Domain names: concepts and facilities (November 1987)},
  author={Mockapetris, Paul},
  journal={Status: Standard},
  year={2003}
}


@article{mockapetris2004rfc,
  title={RFC 1035: Domain names: implementation and specification (November 1987)},
  author={Mockapetris, Paul},
  journal={\url{http://www. ietf. org/rfc/rfc1035.txt}},
  year={2004}
}



@article{blacka2013clarifications,
  title={Clarifications and Implementation Notes for DNS Security (DNSSEC)},
  author={Blacka, David and Weiler, Samuel},
  year={2013}
}

@misc{pdns,
title = {PowerDNS},
howpublished = {\url{https://www.powerdns.com/}}
}

@article{irm,
  title={IRM: integrated file replication and consistency maintenance in P2P systems},
  author={Shen, Haiying},
  journal={Parallel and Distributed Systems, IEEE Transactions on},
  volume={21},
  number={1},
  pages={100--113},
  year={2010},
  publisher={IEEE}
}



@article{sopa,
  title={Stop online piracy act},
  author={Smith, Lamar},
  journal={US Government.[Links]},
  year={2011}
}

@inproceedings{pipa,
  title={Preventing Real Online Threats to Economic Creativity and Theft of Intellectual Property Act of 2011. S. 968},
  author={PROTECT, IP},
  booktitle={112th Congress, 1st Session, May},
  volume={26},
  year={2011}
}

@article{lemley2011don,
  title={Don't break the Internet},
  author={Lemley, Mark and Levine, David and Post, David},
  journal={Stanford Law Review Online},
  volume={64},
  pages={34},
  year={2011}
}


@article{crocker2011security,
  title={Security and Other Technical Concerns Raised by the DNS Filtering Requirements in the PROTECT IP Bill},
  author={Crocker, Steve and Dagon, David and Kaminsky, Dan and McPherson, DKH Danny and Vixie, Paul},
  journal={White Paper},
  year={2011}
}

@article{ramasubramanian2004design,
  title={The design and implementation of a next generation name service for the internet},
  author={Ramasubramanian, Venugopalan and Sirer, Emin G{\"u}n},
  journal={ACM SIGCOMM Computer Communication Review},
  volume={34},
  number={4},
  pages={331--342},
  year={2004},
  publisher={ACM}
}



@ARTICLE{astar, 
author={Hart, P.E. and Nilsson, N.J. and Raphael, B.}, 
journal={Systems Science and Cybernetics, IEEE Transactions on}, 
title={A Formal Basis for the Heuristic Determination of Minimum Cost Paths}, 
year={1968}, 
volume={4}, 
number={2}, 
pages={100-107}, 
keywords={Automatic control;Automatic programming;Chemical technology;Costs;Functional programming;Gradient methods;Instruction sets;Mathematical programming;Minimax techniques;Minimization methods}, 
doi={10.1109/TSSC.1968.300136}, 
ISSN={0536-1567}
}


@article{inject,
  title={Measurement of Globally Visible DNS Injection},
  author={Wander, Matth{\"a}us and Boelmann, Christopher and Schwittmann, Lorenz and Weis, Torben}
}


@INPROCEEDINGS{bitdiff, 
author={Bedford Taylor, Michael}, 
booktitle={Compilers, Architecture and Synthesis for Embedded Systems (CASES), 2013 International Conference on}, 
title={Bitcoin and the age of Bespoke Silicon}, 
year={2013}, 
pages={1-10}, 
keywords={Application specific integrated circuits;Data mining;Exchange rates;Field programmable gate arrays;Graphics processing units;Hardware;Technological innovation;Bitcoin;Dark Silicon;Specialization}, 
doi={10.1109/CASES.2013.6662520}
}




@article{kleinberg2000navigation,
  title={Navigation in a small world},
  author={Kleinberg, Jon M},
  journal={Nature},
  volume={406},
  number={6798},
  pages={845--845},
  year={2000},
  publisher={Nature Publishing Group}
}



@article{cohen2000resilience,
  title={Resilience of the Internet to random breakdowns},
  author={Cohen, Reuven and Erez, Keren and Ben-Avraham, Daniel and Havlin, Shlomo},
  journal={Physical review letters},
  volume={85},
  number={21},
  pages={4626},
  year={2000},
  publisher={APS}
}



@article{Spring,
  author    = {Stephen G. Kobourov},
  title     = {Spring Embedders and Force Directed Graph Drawing Algorithms},
  journal   = {CoRR},
  volume    = {abs/1201.3011},
  year      = {2012},
  ee        = {http://arxiv.org/abs/1201.3011},
  bibsource = {DBLP, http://dblp.uni-trier.de}
}


@article{pastor2001epidemic,
  title={Epidemic spreading in scale-free networks},
  author={Pastor-Satorras, Romualdo and Vespignani, Alessandro},
  journal={Physical review letters},
  volume={86},
  number={14},
  pages={3200},
  year={2001},
  publisher={APS}
}

@article{hagberg2004,
  title={Networkx. High productivity software for complex networks},
  author={Hagberg, Aric and Schult, Dan and Swart, Pieter and Conway, D and S{\'e}guin-Charbonneau, L and Ellison, C and Edwards, B and Torrents, J},
  journal={Webov{\'a} str{\'a} nka https://networkx. lanl. gov/wiki},
  year={2004}
}

@inproceedings{papadopoulos2010greedy,
  title={Greedy forwarding in dynamic scale-free networks embedded in hyperbolic metric spaces},
  author={Papadopoulos, Fragkiskos and Krioukov, Dmitri and Bogua, M and Vahdat, Amin},
  booktitle={INFOCOM, 2010 Proceedings IEEE},
  pages={1--9},
  year={2010},
  organization={IEEE}
}

@inproceedings{manku2003symphony,
  title={Symphony: Distributed Hashing in a Small World.},
  author={Manku, Gurmeet Singh and Bawa, Mayank and Raghavan, Prabhakar and others},
  booktitle={USENIX Symposium on Internet Technologies and Systems},
  pages={10},
  year={2003}
}

@misc{bittorrent,
  title={The BitTorrent protocol specification},
  author={Cohen, Bram},
  year={2008},
  publisher={BITTORRENT}
}
@misc{andrew-poster,
	author= "Rosen, Andrew and Benshoof, Brendan and Erwin, Matthew and Harrison, Robert W and Bourgeois, Anu G",
      title= "{Chronus: Organizing Mapreduce with Chord DHT}",
      doi= "{10.5281/zenodo.11083}",
      url= "{http://dx.doi.org/10.5281/zenodo.11083}"
}

@article{shen2010irm,
  title={IRM: integrated file replication and consistency maintenance in P2P systems},
  author={Shen, Haiying},
  journal={Parallel and Distributed Systems, IEEE Transactions on},
  volume={21},
  number={1},
  pages={100--113},
  year={2010},
  publisher={IEEE}
}